
@BOOK{Kraitchik22,
AUTHOR    = {M. Kraitchik}, 
EDITOR    = {},
TITLE     = {Th√©orie des nombres},
PUBLISHER = {Gauthier--Villards},
YEAR      = {1922},
Volume    = {},
Series    = {},
Address   = {},
Edition   = {},
Month     = {},
Note      = {},
Key       = {}
}



@article{Chien64a,
  added-at = {2013-09-04T00:00:00.000+0200},
  author = {Chien, Robert T.},
  biburl = {http://www.bibsonomy.org/bibtex/22365c83ddbb5c1b39d810e6f17697a3d/dblp},
  ee = {http://dx.doi.org/10.1109/TIT.1964.1053699},
  interhash = {d5384505c8528667f4b5991bd267558f},
  intrahash = {2365c83ddbb5c1b39d810e6f17697a3d},
  journal = {IEEE Transactions on Information Theory},
  keywords = {dblp},
  number = 4,
  pages = {357-363},
  timestamp = {2013-09-04T00:00:00.000+0200},
  title = {Cyclic decoding procedures for Bose- Chaudhuri-Hocquenghem codes.},
  url = {http://dblp.uni-trier.de/db/journals/tit/tit10.html#Chien64a},
  volume = 10,
  year = 1964
}




@article{berl67,
author="Elwyn  R. Berlekamp",
title="Factoring {P}olynomials over {F}inite {F}ields",
journal="Bell System Tech. J.",
year=1967,
volume=46,
pages="1853-1859"}
 


@article{berl70,
   author    = {Elwyn R. Berlekamp},
   title     = {Factoring {P}olynomials over {L}arge {F}inite {F}ields},
   journal   = {Math. Comp.},
   year      = {1970},
   volume    = {24},
   pages     = {713--735}
   }



@article{Schoenhage1971,
  author    = {Arnold Sch{\"{o}}nhage},
  title     = {Schnelle {B}erechnung von {K}ettenbruchentwicklungen},
  journal   = {Acta Inf.},
  volume    = {1},
  pages     = {139--144},
  year      = {1971},
  url       = {http://dx.doi.org/10.1007/BF00289520},
  doi       = {10.1007/BF00289520},
  timestamp = {Thu, 28 Nov 2013 16:30:25 +0100},
  biburl    = {http://dblp.uni-trier.de/rec/bib/journals/acta/Schonhage71},
  bibsource = {dblp computer science bibliography, http://dblp.org}
}



@article{moenck76,
    abstract = {The current proposals for applying the so called  fast  {O(N} {logaN}) algorithms to multivariate polynomials is that the univariate methods be applied recursively, much in the way more conventional algorithms are used. Since the size of the problems is rather large for which a  fastrd algorithm is more efficient than a classical one, the recursive approach compounds this size completely out of any practical range .},
    author = {Moenck, Robert T.},
    citeulike-article-id = {8598493},
    citeulike-linkout-0 = {http://dx.doi.org/10.1007/BF00268498},
    citeulike-linkout-1 = {http://www.springerlink.com/content/p0062t11v5606838},
    day = {1},
    doi = {10.1007/BF00268498},
    issn = {0001-5903},
    journal = {Acta Informatica},
    keywords = {multivariate\_polynomial, polynomial\_multiplication},
    month = jun,
    number = {2},
    pages = {153-169},
    posted-at = {2011-01-13 17:55:47},
    priority = {1},
    publisher = {Springer Berlin / Heidelberg},
    title = {Another polynomial homomorphism},
    url = {http://dx.doi.org/10.1007/BF00268498},
    volume = {6},
    year = {1976}
}



@Article{Moenck77,
  author =       "Robert T. Moenck",
  title =        "On the {E}fficiency of {A}lgorithms for {P}olynomial
                 factoring",
  journal=       "Mathematics of computation",
  volume =       "31",
  number =       "137",
  pages =        "235--250",
  month =        jan,
  year =         "1977",
  CODEN =        "MCMPAF",
  ISSN =         "0025-5718 (print), 1088-6842 (electronic)",
  ISSN-L =       "0025-5718",
  bibdate =      "Tue Oct 13 08:06:19 MDT 1998",
  bibsource =    "http://www.math.utah.edu/pub/tex/bib/mathcomp1970.bib;
                 JSTOR database",
  classcodes =   "B0290F (Interpolation and function approximation);
                 C4130 (Interpolation and function approximation); C4240
                 (Programming and algorithm theory)",
  journal-URL =  "http://www.ams.org/mcom/",
  keywords =     "algebraic; analysis of algorithms; Berlekamp's
                 algorithm; manipulation; polynomial factoring;
                 polynomials; roots in finite fields",
  treatment =    "T Theoretical or Mathematical",
}



@ARTICLE{Rabin79,
    author = {Michael O. Rabin},
    title = {Probabilistic {A}lgorithms In {F}inite {F}ields},
    journal = {SIAM J. Comput},
    year = {1979},
    volume = {9},
    pages = {273--280}
}


@article{cantor1981,
  title={A {N}ew {A}lgorithm for {F}actoring {P}olynomials over {F}inite {F}ields},
  author={Cantor, David G. and Zassenhaus, Hans},
  journal={Mathematics of Computation},
  pages={587--592},
  year={1981},
  publisher={JSTOR}
}

@inproceedings{Ben-Or81,
  added-at = {2011-10-19T00:00:00.000+0200},
  author = {Ben-Or, Michael},
  biburl = {http://www.bibsonomy.org/bibtex/2a2aba7f9a4a1b84850891b47b5358094/dblp},
  booktitle = {FOCS},
  crossref = {conf/focs/FOCS22},
  ee = {http://doi.ieeecomputersociety.org/10.1109/SFCS.1981.37},
  interhash = {863641b120924cbf6182b7e40b9357d7},
  intrahash = {a2aba7f9a4a1b84850891b47b5358094},
  keywords = {dblp},
  pages = {394-398},
  publisher = {IEEE Computer Society},
  timestamp = {2011-10-19T00:00:00.000+0200},
  title = {Probabilistic Algorithms in Finite Fields},
  url = {http://dblp.uni-trier.de/db/conf/focs/focs81.html#Ben-Or81},
  year = 1981
}

@book{mBER84a,
title={Algebraic {C}oding {T}heory},
author={Elwyn R. Berlekamp},
year={1984},
publisher={Aegan Park Press}
}







@article{szpankowski1986analysis,
  title={On the {A}nalysis of the {A}verage {H}eight of a {D}igital {T}rie: {A}nother {A}pproach},
  author={Szpankowski, Wojciech},
  year={1986}
}


@article{Pittel86,
  title={Paths in a {R}andom {D}igital {T}ree: {L}imiting {D}istributions},
  author={Boris Pittel},
  journal={Advances in Applied Probability},
  volume={18},
  year={1986},
  pages={139-155}
}





@article{Gathen87,
  added-at = {2011-09-07T00:00:00.000+0200},
  author = {von zur Gathen, Joachim},
  biburl = {http://www.bibsonomy.org/bibtex/2331d0d157f56f1f23fb0227c7a79ca5f/dblp},
  ee = {http://dx.doi.org/10.1016/0304-3975(87)90081-8},
  interhash = {dd2318212e5e14243e29ee797b53fb22},
  intrahash = {331d0d157f56f1f23fb0227c7a79ca5f},
  journal = {Theor. Comput. Sci.},
  keywords = {dblp},
  pages = {77-89},
  timestamp = {2011-09-07T00:00:00.000+0200},
  title = {Factoring Polynomials and Primitive Elements for Special Primes.},
  url = {http://dblp.uni-trier.de/db/journals/tcs/tcs52.html#Gathen87},
  volume ={52},
  year = {1987}
  }

@inproceedings{MenezesOV88,
  added-at = {2003-01-03T00:00:00.000+0100},
  author = {Menezes, Alfred J. and van Oorschot, Paul C. and Vanstone, Scott A.},
  biburl = {http://www.bibsonomy.org/bibtex/2d4460262b2f9e7bf10b9139c446dfa37/dblp},
  booktitle = {ISSAC},
  date = {2003-01-03},
  description = {dblp},
  editor = {Gianni, Patrizia M.},
  interhash = {f4cbee357d32fcaeb859b0d05d7e51b6},
  intrahash = {d4460262b2f9e7bf10b9139c446dfa37},
  isbn = {3-540-51084-2},
  keywords = {dblp},
  pages = {259-270},
  publisher = {Springer},
  series = {Lecture Notes in Computer Science},
  timestamp = {2003-01-03T00:00:00.000+0100},
  title = {Some {C}omputational {A}spects of {R}oot {F}inding in {GF}($q^m$).},
  url = {http://dblp.uni-trier.de/db/conf/issac/issac88.html#MenezesOV88},
  volume = 358,
  year = 1988
}



@article{OorschotV89,
  author    = {Paul C. van Oorschot and Scott A. Vanstone},
  title     = {A {G}eometric {A}pproach to {R}oot {F}inding in {GF}(q\({}^{\mbox{m}}\))},
  journal   = {{IEEE} Transactions on Information Theory},
  volume    = {35},
  number    = {2},
  pages     = {444--453},
  year      = {1989},
  url       = {http://dx.doi.org/10.1109/18.32139},
  doi       = {10.1109/18.32139},
  timestamp = {Mon, 31 Oct 2011 17:05:07 +0100},
  biburl    = {http://dblp.uni-trier.de/rec/bib/journals/tit/OorschotV89},
  bibsource = {dblp computer science bibliography, http://dblp.org}
}





@article{BachS90,
  author    = {Eric Bach and
               Victor Shoup},
  title     = {Factoring {P}olynomials {U}sing {F}ewer {R}andom {B}its},
  journal   = {J. Symb. Comput.},
  volume    = {9},
  number    = {3},
  pages     = {229--239},
  year      = {1990},
  url       = {http://dx.doi.org/10.1016/S0747-7171(08)80011-9},
  doi       = {10.1016/S0747-7171(08)80011-9},
  timestamp = {Tue, 20 Sep 2011 11:17:56 +0200},
  biburl    = {http://dblp.uni-trier.de/rec/bib/journals/jsc/BachS90},
  bibsource = {dblp computer science bibliography, http://dblp.org}
}


@article{OorschotV90,
  author    = {Paul C. van Oorschot and Scott A. Vanstone},
  title     = {On {S}plitting {S}ets in {B}lock {D}esigns and {F}inding {R}oots of {P}olynomials},
  journal   = {Discrete Mathematics},
  volume    = {84},
  number    = {1},
  pages     = {71--85},
  year      = {1990},
  url       = {http://dx.doi.org/10.1016/0012-365X(90)90274-L},
  doi       = {10.1016/0012-365X(90)90274-L},
  timestamp = {Mon, 02 Jul 2007 17:02:47 +0200},
  biburl    = {http://dblp.uni-trier.de/rec/bib/journals/dm/OorschotV90},
  bibsource = {dblp computer science bibliography, http://dblp.org}
}



@ARTICLE{Shoup90,
    author = {Victor Shoup},
    title = {On the {D}eterministic {C}omplexity of {F}actoring {P}olynomials over {F}inite {F}ields},
    journal = {Inform. Process. Lett},
    year = {1990},
    volume = {33},
    pages = {261--267}
}


@article{Shoup91a,
  author    = {Victor Shoup},
  title     = {Smoothness and {F}actoring {P}olynomials over {F}inite {F}ields},
  journal   = {Inf. Process. Lett.},
  volume    = {38},
  number    = {1},
  pages     = {39--42},
  year      = {1991},
  url       = {http://dx.doi.org/10.1016/0020-0190(91)90212-Z},
  doi       = {10.1016/0020-0190(91)90212-Z},
  timestamp = {Fri, 08 Jul 2011 12:14:05 +0200},
  biburl    = {http://dblp.uni-trier.de/rec/bib/journals/ipl/Shoup91},
  bibsource = {dblp computer science bibliography, http://dblp.org}
}


@inproceedings{Shoup91b,
  author    = {Victor Shoup},
  title     = {A {F}ast {D}eterministic {A}lgorithm for {F}actoring {P}olynomials over {F}inite
               {F}ields of {S}mall {C}haracteristic},
  booktitle = {Proceedings of the 1991 International Symposium on Symbolic and Algebraic
               Computation, {ISSAC} '91, Bonn, Germany, July 15-17, 1991},
  pages     = {14--21},
  year      = {1991},
  crossref  = {DBLP:conf/issac/1991},
  url       = {http://doi.acm.org/10.1145/120694.120697},
  doi       = {10.1145/120694.120697},
  timestamp = {Wed, 16 May 2012 18:01:04 +0200},
  biburl    = {http://dblp.uni-trier.de/rec/bib/conf/issac/Shoup91},
  bibsource = {dblp computer science bibliography, http://dblp.org}
}

@proceedings{DBLP:conf/issac/1991,
  editor    = {Stephen M. Watt},
  title     = {Proceedings of the 1991 International Symposium on Symbolic and Algebraic
               Computation, {ISSAC} '91, Bonn, Germany, July 15-17, 1991},
  publisher = {{ACM}},
  year      = {1991},
  url       = {http://dl.acm.org/citation.cfm?id=120694},
  isbn      = {0-89791-437-6},
  timestamp = {Wed, 16 May 2012 18:01:03 +0200},
  biburl    = {http://dblp.uni-trier.de/rec/bib/conf/issac/1991},
  bibsource = {dblp computer science bibliography, http://dblp.org}
}


@article{van1989geometric,
  title={A geometric {A}pproach to {R}oot {F}inding in {GF}($q^m$)},
  author={Van Oorschot, Paul C. and Vanstone, Scott A.},
  journal={Information Theory, IEEE Transactions on},
  volume={35},
  number={2},
  pages={444--453},
  year={1989},
  publisher={IEEE}
}




@article{Menvanovans92,
author={Menezes, Alfred J. and van Oorschot, Paul C. and Vanstone, Scott A.},
title={Subgroup {R}efinement {A}lgorithms for {R}oots {F}inding in {GF}$(q)^*$},
journal={SIAM J. Comput.},
issue_date={April 1992},
volume={21},
number={2},
month={apr},
year={1992},
pages={228--239},
publisher={Society for Industrial and Applied Mathematics},
address={Philadelphia, PA, USA}
}


@article{Thull1990,
author={Klaus Thull and Chee K. Yap},
title={A {U}nified {A}pproach to {HGCD} {A}lgorithms for {P}olynomials and {I}ntegers},
year={1990},
biburl={http://cs.nyu.edu/cs/faculty/yap/papers}
}




@article{GathenS92,
  author    = {Joachim von zur Gathen and
               Victor Shoup},
  title     = {Computing {F}robenius {M}aps and {F}actoring {P}olynomials},
  journal   = {Computational Complexity},
  volume    = {2},
  pages     = {187--224},
  year      = {1992},
  url       = {http://dx.doi.org/10.1007/BF01272074},
  doi       = {10.1007/BF01272074},
  timestamp = {Fri, 20 May 2011 14:39:22 +0200},
  biburl    = {http://dblp.uni-trier.de/rec/bib/journals/cc/GathenS92},
  bibsource = {dblp computer science bibliography, http://dblp.org}
}


@INPROCEEDINGS{Shoup93,
    author = {Victor Shoup},
    title = {Factoring {P}olynomials over {F}inite {F}ields: {A}symptotic {C}omplexity vs. {R}eality},
    booktitle = {In Proc. IMACS Symposium},
    year = {1993},
    pages = {124--129}
}


@article{nied94,
  title={Factoring {P}olynomials over {F}inite {F}ields {U}sing {D}ifferential {E}quations and {N}ormal {B}ases},
  author={Niederreiter, Harald},
  journal={Mathematics of Computation},
  volume={62},
  number={206},
  pages={819--830},
  year={1994}
}

@INPROCEEDING{Evdokimov94,
year={1994},
isbn={978-3-540-58691-3},
booktitle={Algorithmic Number Theory},
volume={877},
series={Lecture Notes in Computer Science},
editor={Adleman, LeonardM. and Huang, Ming-Deh},
doi={10.1007/3-540-58691-1_58},
title={Factorization of polynomials over finite fields in subexponential time under GRH},
url={http://dx.doi.org/10.1007/3-540-58691-1_58},
publisher={Springer Berlin Heidelberg},
author={Evdokimov, Sergei},
pages={209-219},
language={English}
}



@article{kaltofen87,
    address = {Palo Alto, California},
    author = {Kaltofen, Erich},
    citeulike-article-id = {8334422},
    citeulike-linkout-0 = {http://www.math.ncsu.edu/~kaltofen/bibliography/87/Ka87_annrev.pdf},
    journal = {Annual Review in Computer Science},
    keywords = {computer\_algebra},
    pages = {91-118},
    posted-at = {2010-11-30 20:48:13},
    priority = {2},
    publisher = {Annual Reviews Inc.},
    title = {Computer algebra algorithms},
    url = {http://www.math.ncsu.edu/~kaltofen/bibliography/87/Ka87_annrev.pdf},
    volume = {2},
    year = {1987}
}



@inproceedings{KaltofenL94,
  author    = {Erich Kaltofen and
               A. Lobo},
  title     = {Factoring High-Degree Polynomials by the Black Box Berlekamp Algorithm},
  booktitle = {Proceedings of the International Symposium on Symbolic and Algebraic
               Computation, {ISSAC} '94, Oxford, UK, July 20-22, 1994},
  pages     = {90--98},
  year      = {1994},
  crossref  = {DBLP:conf/issac/1994},
  url       = {http://doi.acm.org/10.1145/190347.190371},
  doi       = {10.1145/190347.190371},
  timestamp = {Wed, 16 May 2012 18:01:04 +0200},
  biburl    = {http://dblp.uni-trier.de/rec/bib/conf/issac/KaltofenL94},
  bibsource = {dblp computer science bibliography, http://dblp.org}
}

@proceedings{DBLP:conf/issac/1994,
  editor    = {Malcolm A. H. MacCallum},
  title     = {Proceedings of the International Symposium on Symbolic and Algebraic
               Computation, {ISSAC} '94, Oxford, UK, July 20-22, 1994},
  publisher = {{ACM}},
  year      = {1994},
  url       = {http://dl.acm.org/citation.cfm?id=190347},
  isbn      = {0-89791-638-7},
  timestamp = {Wed, 16 May 2012 18:01:03 +0200},
  biburl    = {http://dblp.uni-trier.de/rec/bib/conf/issac/1994},
  bibsource = {dblp computer science bibliography, http://dblp.org}
}


@INPROCEEDINGS{KaltofenShoup95,
    author = {Erich Kaltofen and Victor Shoup},
    title = {Subquadratic-time {F}actoring of {P}olynomials over {F}inite {F}ields},
    booktitle = {Math. Comp},
    year = {1995},
    pages = {398--406}
}


@ARTICLE{Shoup6,
    author = {Victor Shoup},
    title = {A {N}ew {P}olynomial {F}actorization {A}lgorithm and its {I}mplementation},
    journal = {Journal of Symbolic Computation},
    year = {1996},
    volume = {20},
    pages = {363--397}
}



%Implementation
@INPROCEEDINGS{Fleis96,
    author = {Peter Fleischmann and Peter Roelse},
    title = {Comparative {I}mplementations of {B}erlekamp's and {N}iederreiter's {P}olynomial {F}actorization {A}lgorithms},
    booktitle = {Finite Fields and Applications},
    year = {1996},
    pages = {73--84},
    publisher = {Cambridge University Press}
}




@book{lidl1997finite,
  title={Finite Fields},
  author={Lidl, R. and Niederreiter, H.},
  number={vol.~20,ptie.~1},
  isbn={9780521392310},
  lccn={96031467},
  series={Encyclopedia of Mathematics and its Applications},
  url={http://books.google.fr/books?id=xqMqxQTFUkMC},
  year={1997},
  publisher={Cambridge University Press}
}



@inproceedings{KaltofenS97,
  author    = {Erich Kaltofen and
               Victor Shoup},
  title     = {Fast {P}olynomial {F}actorization over {H}igh {A}lgebraic {E}xtensions of {F}inite
               {F}ields},
  booktitle = {Proceedings of the 1997 International Symposium on Symbolic and Algebraic
               Computation, {ISSAC} '97, Maui, Hawaii, USA, July 21-23, 1997},
  pages     = {184--188},
  year      = {1997},
  crossref  = {DBLP:conf/issac/1997},
  timestamp = {Wed, 16 May 2012 18:01:04 +0200},
  biburl    = {http://dblp.uni-trier.de/rec/bib/conf/issac/KaltofenS97},
  bibsource = {dblp computer science bibliography, http://dblp.org}
}



@proceedings{DBLP:conf/issac/1997,
  editor    = {Bruce W. Char and
               Paul S. Wang and
               Wolfgang K{\"{u}}chlin},
  title     = {Proceedings of the 1997 International Symposium on Symbolic and Algebraic
               Computation, {ISSAC} '97, Maui, Hawaii, USA, July 21-23, 1997},
  publisher = {{ACM}},
  year      = {1997},
  url       = {http://dl.acm.org/citation.cfm?id=258726},
  isbn      = {0-89791-875-4},
  timestamp = {Wed, 16 May 2012 18:01:04 +0200},
  biburl    = {http://dblp.uni-trier.de/rec/bib/conf/issac/1997},
  bibsource = {dblp computer science bibliography, http://dblp.org}
}






@article{gao2001determinitic,
  title={On the determinitic complexity of factoring polynomials},
  author={Gao, Shuhong},
  journal={Journal of Symbolic Computation},
  volume={31},
  number={1-2},
  pages={19--36},
  year={2001},
  publisher={Academic Press, Inc.}
}

@Article{Gathen2001,
  Title                    = {Factoring Polynomials Over Finite Fields: A Survey},
  Author                   = {von zur Gathen, Joachim and Panario, Daniel},
  Journal                  = {Journal of Symbolic Computation},
  Year                     = {2001},
  Number                   = {1},
  Pages                    = {3--17},
  Volume                   = {31},
  Bibsource                = {DBLP, http://dblp.uni-trier.de},
  Ee                       = {http://dx.doi.org/10.1006/jsco.1999.1002},
  publisher                = {Elsevier}
}

@book{Gathen2003,
 author = {von zur Gathen, Joachim and Gerhard, Jurgen},
 title = {Modern Computer Algebra},
 year = {2003},
 isbn = {0521826462},
 edition = {2},
 publisher = {Cambridge University Press},
 address = {New York, NY, USA},
} 

@article{Genovese07,
 author = {Genovese, Giulio},
 title = {Improving the {A}lgorithms of {B}erlekamp and {N}iederreiter for {F}actoring {P}olynomials over {F}inite {F}ields},
 journal = {J. Symb. Comput.},
 issue_date = {January, 2007},
 volume = {42},
 number = {1-2},
 month = jan,
 year = {2007},
 issn = {0747-7171},
 pages = {159--177},
 numpages = {19},
 url = {http://dx.doi.org/10.1016/j.jsc.2006.02.007},
 doi = {10.1016/j.jsc.2006.02.007},
 acmid = {1223126},
 publisher = {Academic Press, Inc.},
 address = {Duluth, MN, USA},
 keywords = {Berlekamp, Deterministic algorithms, Finite fields, Niederreiter, Polynomial factorization},
} 

 
 

@inproceedings{Saha08,
  author    = {Chandan Saha},
  title     = {Factoring {P}olynomials over {F}inite {F}ields {U}sing {B}alance {T}est},
  booktitle = {{STACS} 2008, 25th Annual Symposium on Theoretical Aspects of Computer
               Science, Bordeaux, France, February 21-23, 2008, Proceedings},
  pages     = {609--620},
  year      = {2008},
  crossref  = {DBLP:conf/stacs/2008},
  url       = {http://dx.doi.org/10.4230/LIPIcs.STACS.2008.1323},
  doi       = {10.4230/LIPIcs.STACS.2008.1323},
  timestamp = {Tue, 26 Feb 2013 10:44:33 +0100},
  biburl    = {http://dblp.uni-trier.de/rec/bib/conf/stacs/Saha08},
  bibsource = {dblp computer science bibliography, http://dblp.org}
}

@proceedings{DBLP:conf/stacs/2008,
  editor    = {Susanne Albers and
               Pascal Weil},
  title     = {{STACS} 2008, 25th Annual Symposium on Theoretical Aspects of Computer
               Science, Bordeaux, France, February 21-23, 2008, Proceedings},
  series    = {LIPIcs},
  volume    = {1},
  publisher = {Schloss Dagstuhl - Leibniz-Zentrum fuer Informatik, Germany},
  year      = {2008},
  timestamp = {Tue, 26 Feb 2013 10:44:33 +0100},
  biburl    = {http://dblp.uni-trier.de/rec/bib/conf/stacs/2008},
  bibsource = {dblp computer science bibliography, http://dblp.org}
}



 




%tres bon point de d√©part car r√©cent
@inproceedings{Umans08,
 author = {Umans, Christopher},
 title = {Fast {P}olynomial {F}actorization and {M}odular {C}omposition in {S}mall {C}haracteristic},
 booktitle = {Proceedings of the Fortieth Annual ACM Symposium on Theory of Computing},
 series = {STOC '08},
 year = {2008},
 isbn = {978-1-60558-047-0},
 location = {Victoria, British Columbia, Canada},
 pages = {481--490},
 numpages = {10},
 url = {http://doi.acm.org/10.1145/1374376.1374445},
 doi = {10.1145/1374376.1374445},
 acmid = {1374445},
 publisher = {ACM},
 address = {New York, NY, USA},
 keywords = {modular composition, multipoint evaluation, polynomial factorization},
} 


@INPROCEEDINGS{Biswas09efficientroot,
    author = {Bhaskar Biswas and Vincent Herbert},
    title = {Efficient root finding of polynomials over fields of characteristic 2},
    booktitle = {in "Western European Workshop on Research in Cryptology - WEWoRC 2009},
    year = {2009},
    publisher = {Springer}
}


@article{Kedlaya11,
 author = {Kedlaya, Kiran S. and Umans, Christopher},
 title = {Fast {P}olynomial {F}actorization and {M}odular {C}omposition},
 journal = {SIAM J. Comput.},
 issue_date = {November 2011},
 volume = {40},
 number = {6},
 month = dec,
 year = {2011},
 issn = {0097-5397},
 pages = {1767--1802},
 numpages = {36},
 url = {http://dx.doi.org/10.1137/08073408X},
 doi = {10.1137/08073408X},
 acmid = {2340448},
 publisher = {Society for Industrial and Applied Mathematics},
 address = {Philadelphia, PA, USA},
 keywords = {modular composition, multimodular reduction, multivariate multipoint evaluation, polynomial factorization},
} 




 
@ARTICLE{BKS13,
 AUTHOR={Bourgain J. and Konyagin S. and Shparlinski I.},
TITLE={Character {S}ums and {D}eterministic {P}olynomial {R}oot {F}inding in {F}inite {F}ields},
JOURNAL={},
NOTE={arXiv preprint arXiv:1308.4803.},
MONTH={},
YEAR={2013},
}



@ARTICLE{cgUCL-P14,
 	AUTHOR={Petit, Christophe},
TITLE={Finding {R}oots in {GF}$(p^n)$ with the {S}uccessive {R}esultant {A}lgorithm},
JOURNAL={LMS Journal of Computation and Mathematics},
NOTE={(to appear)},
MONTH={8},
YEAR={2014},
}









%historique




@inproceedings{Kaltofen92,
  author    = {Erich Kaltofen},
  title     = {Polynomial Factorization 1987-1991},
  booktitle = {{LATIN} '92, 1st Latin American Symposium on Theoretical Informatics,
               S{\~{a}}o Paulo, Brazil, April 6-10, 1992, Proceedings},
  pages     = {294--313},
  year      = {1992},
  crossref  = {DBLP:conf/latin/1992},
  url       = {http://dx.doi.org/10.1007/BFb0023837},
  doi       = {10.1007/BFb0023837},
  timestamp = {Tue, 14 Jun 2011 20:34:34 +0200},
  biburl    = {http://dblp.uni-trier.de/rec/bib/conf/latin/Kaltofen92},
  bibsource = {dblp computer science bibliography, http://dblp.org}
}

@proceedings{DBLP:conf/latin/1992,
  editor    = {Imre Simon},
  title     = {{LATIN} '92, 1st Latin American Symposium on Theoretical Informatics,
               S{\~{a}}o Paulo, Brazil, April 6-10, 1992, Proceedings},
  series    = {Lecture Notes in Computer Science},
  volume    = {583},
  publisher = {Springer},
  year      = {1992},
  isbn      = {3-540-55284-7},
  timestamp = {Fri, 15 Mar 2002 13:19:11 +0100},
  biburl    = {http://dblp.uni-trier.de/rec/bib/conf/latin/1992},
  bibsource = {dblp computer science bibliography, http://dblp.org}
}




@article{GathenP01,
  author    = {Joachim von zur Gathen and
               Daniel Panario},
  title     = {Factoring {P}olynomials over {F}inite {F}ields: {A} {S}urvey},
  journal   = {J. Symb. Comput.},
  volume    = {31},
  number    = {1/2},
  pages     = {3--17},
  year      = {2001},
  url       = {http://dx.doi.org/10.1006/jsco.1999.1002},
  doi       = {10.1006/jsco.1999.1002},
  timestamp = {Tue, 20 Sep 2011 11:17:56 +0200},
  biburl    = {http://dblp.uni-trier.de/rec/bib/journals/jsc/GathenP01},
  bibsource = {dblp computer science bibliography, http://dblp.org}
}


@inproceedings{Kaltofen03,
 author = {Kaltofen, Erich},
 title = {Polynomial {F}actorization: {A} {S}uccess {S}tory},
 booktitle = {Proceedings of the 2003 International Symposium on Symbolic and Algebraic Computation},
 series = {ISSAC '03},
 year = {2003},
 isbn = {1-58113-641-2},
 location = {Philadelphia, PA, USA},
 pages = {3--4},
 numpages = {2},
 url = {http://doi.acm.org/10.1145/860854.860857},
 doi = {10.1145/860854.860857},
 acmid = {860857},
 publisher = {ACM},
 address = {New York, NY, USA},
 keywords = {black box polynomial, lattice basis reduction, polynomial factorization, randomized algorithm, straight line program, symbolic/numeric hybrid method},
} 



@inproceedings{Gathen06,
  author    = {Joachim von zur Gathen},
  title     = {Who {W}as {W}ho in {P}olynomial {F}actorization},
  booktitle = {Symbolic and Algebraic Computation, International Symposium, {ISSAC}
               2006, Genoa, Italy, July 9-12, 2006, Proceedings},
  pages     = {2},
  year      = {2006},
  crossref  = {DBLP:conf/issac/2006},
  url       = {http://doi.acm.org/10.1145/1145768.1145770},
  doi       = {10.1145/1145768.1145770},
  timestamp = {Fri, 15 Dec 2006 08:18:21 +0100},
  biburl    = {http://dblp.uni-trier.de/rec/bib/conf/issac/Gathen06},
  bibsource = {dblp computer science bibliography, http://dblp.org}
}

@proceedings{DBLP:conf/issac/2006,
  editor    = {Barry M. Trager},
  title     = {Symbolic and Algebraic Computation, International Symposium, {ISSAC}
               2006, Genoa, Italy, July 9-12, 2006, Proceedings},
  publisher = {{ACM}},
  year      = {2006},
  isbn      = {1-59593-276-3},
  timestamp = {Fri, 15 Dec 2006 08:18:21 +0100},
  biburl    = {http://dblp.uni-trier.de/rec/bib/conf/issac/2006},
  bibsource = {dblp computer science bibliography, http://dblp.org}
}


@article{Couveignes-Lercier,
    abstract = {We construct two new families of basis for finite field extensions. Bases in the first family, the so-called elliptic bases, are not quite normal bases, but they allow very fast Frobenius exponentiation while preserving sparse multiplication formulas. Bases in the second family, the so-called normal elliptic bases are normal bases and allow fast (quasi-linear) arithmetic. We prove that all extensions admit models of this kind.},
    author = {Couveignes, J.-M. and Lercier, R.},
    citeulike-article-id = {9268493},
    citeulike-linkout-0 = {http://dx.doi.org/10.1016/j.ffa.2008.07.004},
    doi = {10.1016/j.ffa.2008.07.004},
    issn = {10715797},
    journal = {Finite Fields and Their Applications},
    keywords = {elliptic\_curve, finite\_field, normal\_base},
    month = feb,
    number = {1},
    pages = {1-22},
    posted-at = {2011-05-09 16:59:28},
    priority = {0},
    title = {Elliptic periods for finite fields},
    url = {http://dx.doi.org/10.1016/j.ffa.2008.07.004},
    volume = {15},
    year = {2009}
}

@manual{Sage,
    author = {Stein, William A. and Others},
    citeulike-article-id = {10862504},
    comment = {{\url{http://www.sagemath.org}}},
    key = {Sage},
    organization = {The Sage Development Team},
    posted-at = {2012-07-06 21:19:47},
    priority = {2},
    title = {{S}age {M}athematics {S}oftware ({V}ersion 6.4)},
    year = {2014}
}

@manual{Pari,
    address = {Bordeaux},
    citeulike-article-id = {10862505},
    comment = {available from \url{http://pari.math.u-bordeaux.fr/}},
    organization = {The PARI~Group},
    posted-at = {2012-07-06 21:19:47},
    priority = {2},
    title = {PARI/GP, version {\tt 2.7.1}},
    year = {2014}
}

@misc{ntl,
    author = {Shoup, Victor},
    citeulike-article-id = {7300697},
    howpublished = {\url{http://www.shoup.net/ntl}},
    keywords = {ntl},
    posted-at = {2010-06-14 18:33:18},
    priority = {2},
    title = {{NTL}: A {L}ibrary for {D}oing {N}umber {T}heory, version {\tt 6.1.0}},
    year = {2014}
}

@inproceedings{DeDoSc13,
  author    = { L. {De Feo} and J. Doliskani and {\'E}. Schost},
  title     = {Fast algorithms for $\ell$-adic towers over finite fields},
  booktitle = {ISSAC'13},
 publisher = {ACM},
pages = {165-172},
  year      = {2013},
}

@article{df+schost12,
    abstract = {An {Artin-Schreier} tower over the finite field Fp is a tower of field extensions generated by polynomials of the form {Xp‚àíX}‚àíŒ±. Following Cantor and Couveignes, we give algorithms with quasi-linear time complexity for arithmetic operations in such towers. As an application, we present an implementation of Couveignes' algorithm for computing isogenies between elliptic curves using the p-torsion.},
    author = {De Feo, L. and Schost, {\'E}.},
    citeulike-article-id = {10175624},
    citeulike-linkout-0 = {http://dx.doi.org/10.1016/j.jsc.2011.12.008},
    doi = {10.1016/j.jsc.2011.12.008},
    issn = {07477171},
    journal = {J. Symb. Comput.},
    keywords = {artin-schreier, computer\_algebra, finite\_field, trace\_formulas, transposed\_algorithms},
    number = {7},
    pages = {771-792},
    posted-at = {2012-04-04 12:50:03},
    priority = {0},
    title = {Fast arithmetics in {A}rtin-{S}chreier towers over finite fields},
    url = {http://dx.doi.org/10.1016/j.jsc.2011.12.008},
    volume = {47},
    year = {2012}
}

@ARTICLE{McEliece78,
AUTHOR={R.J. McEliece},
TITLE={A {P}ublic-key {C}ryptosystem {B}ased on the {A}algebraic {C}doing {T}heory},
JOURNAL={Technical Report DSN 42-44, JPL, Pasadena},
NOTE={},
MONTH={},
YEAR={1978},
}

@inproceedings{grenet-hoeven-lecerf-roots,
  title={Randomized root finding over finite FFT-fields using tangent Graeffe transforms},
  author={Grenet, Bruno and van der Hoeven, Joris and Lecerf, Gr{\'e}goire},
  booktitle={Proceedings of the 2015 ACM on International Symposium on Symbolic and Algebraic Computation},
  pages={197--204},
  year={2015},
  organization={ACM}
}

@article{grenet2015deterministic,
  title={Deterministic root finding over finite fields using Graeffe transforms},
  author={Grenet, Bruno and van der Hoeven, Joris and Lecerf, Gr{\'e}goire},
  journal={Applicable Algebra in Engineering, Communication and Computing},
  pages={1--21},
  year={2015},
  publisher={Springer}
}

@article{harvey09,
    abstract = {We present several new algorithms for dense polynomial multiplication in  {inlMMLBox}  based on the Kronecker substitution method. Instead of reducing to a single integer multiplication, we reduce to several smaller multiplications. We describe an implementation of multiplication in  {inlMMLBox}  for a word-sized modulus  n  based on these methods, and compare its performance to that of {NTL} and Magma.},
    author = {Harvey, David},
    citeulike-article-id = {5365958},
    citeulike-linkout-0 = {http://dx.doi.org/10.1016/j.jsc.2009.05.004},
    doi = {10.1016/j.jsc.2009.05.004},
    issn = {07477171},
    journal = {Journal of Symbolic Computation},
    keywords = {multivariate\_polynomial, polynomial\_multiplication},
    month = oct,
    number = {10},
    pages = {1502-1510},
    posted-at = {2010-08-19 17:39:26},
    priority = {4},
    title = {Faster polynomial multiplication via multipoint {K}ronecker substitution},
    url = {http://dx.doi.org/10.1016/j.jsc.2009.05.004},
    volume = {44},
    year = {2009}
}
